@book{lamport1994latex,
  title={LaTeX: A Document Preparation System},
  author={Lamport, Leslie},
  year={1994},
  publisher={Addison-Wesley}
}
@book{matrix_cookbook,
  title={The Matrix Cookbook},
  author={Petersen, Kaare Brandt and Pedersen, Michael Syskind},
  year={2008},
  publisher={Technical University of Denmark}
}
@misc{matrix_derivative,
  title = {矩阵求导术},
  author = {长躯鬼侠},
  year = {2020},
  month = {3},
  howpublished = {https://zhuanlan.zhihu.com/p/24709748},
  note = {Accessed on 2023-09-07}
}
@misc{dotnets,
  author = {martisak},
  title = {dotnets},
  year = {2018},
  howpublished = {https://github.com/martisak/dotnets},
  note = {Accessed on 2023-09-13}
}
